@article{Abadie2003,
  title={The economic costs of conflict: A case study of the Basque Country},
  author={Abadie, Alberto and Gardeazabal, Javier},
  journal={American Economic Review},
  volume={93},
  number={1},
  pages={113--132},
  year={2003}
}
@article{Abadie2010,
  title={Synthetic control methods for comparative case studies: Estimating the effect of California’s tobacco control program},
  author={Abadie, Alberto and Diamond, Alexis and Hainmueller, Jens},
  journal={Journal of the American Statistical Association},
  volume={105},
  number={490},
  pages={493--505},
  year={2010},
  publisher={Taylor \& Francis}
}
@article{Abadie2015,
  title={Comparative politics and the synthetic control method},
  author={Abadie, Alberto and Diamond, Alexis and Hainmueller, Jens},
  journal={American Journal of Political Science},
  volume={59},
  number={2},
  pages={495--510},
  year={2015},
  publisher={Wiley Online Library}
}
@article{Abadie2018,
  title={Econometric methods for program evaluation},
  author={Abadie, Alberto and Cattaneo, Matias D},
  journal={Annual Review of Economics},
  volume={10},
  pages={465--503},
  year={2018},
  publisher={Annual Reviews}
}
@article{Abadie2019,
  title={Using synthetic controls: Feasibility, data requirements, and methodological aspects},
  author={Abadie, A},
  journal={Journal of Economic Literature},
  year={2019}
}
@article{Abildgren2009,
  title={Monetary regimes and the endogeneity of labour market structures: empirical evidence from Denmark, 1875--2007},
  author={Abildgren, Kim},
  journal={European Review of Economic History},
  volume={13},
  number={2},
  pages={199--218},
  year={2009},
  publisher={Cambridge University Press}
}
@misc{Abildgren2019,
  title={A Chart \& Data Book on the Monetary and Financial History of Denmark},
  author={Abildgren, K},
  year={2019}
}
@article{Adam2019,
  title={Optimal trend inflation},
  author={Adam, Klaus and Weber, Henning},
  journal={American Economic Review},
  volume={109},
  number={2},
  pages={702--37},
  year={2019}
}
@article{Afonso2011,
  title={The macroeconomic effects of fiscal policy in Portugal: a Bayesian SVAR analysis},
  author={Afonso, Ant{\'o}nio and Sousa, Ricardo M},
  journal={Portuguese Economic Journal},
  volume={10},
  number={1},
  pages={61--82},
  year={2011},
  publisher={Springer}
}
@article{Aghion2009,
  title={Exchange rate volatility and productivity growth: The role of financial development},
  author={Aghion, Philippe and Bacchetta, Philippe and Ranciere, Romain and Rogoff, Kenneth},
  journal={Journal of monetary economics},
  volume={56},
  number={4},
  pages={494--513},
  year={2009},
  publisher={Elsevier}
}
@article{Aghion2014,
  title={Cyclical fiscal policy, credit constraints, and industry growth},
  author={Aghion, Philippe and Hemous, David and Kharroubi, Enisse},
  journal={Journal of Monetary Economics},
  volume={62},
  pages={41--58},
  year={2014},
  publisher={Elsevier}
}
@article{Aguiar2011,
  title={Business cycle synchronization and the Euro: A wavelet analysis},
  author={Aguiar-Conraria, Luis and Joana Soares, Maria and others},
  journal={Journal of Macroeconomics},
  volume={33},
  number={3},
  pages={477--489},
  year={2011},
  publisher={Elsevier}
}
@article{Aguiar2020,
  title={Okun’s law across time and frequencies},
  author={Aguiar-Conraria, Lu{\'\i}s and Martins, Manuel MF and Soares, Maria Joana},
  journal={Journal of Economic Dynamics and Control},
  year={2020},
  publisher={Elsevier}
}
@article{Akerlof1996,
  title={The macroeconomics of low inflation},
  author={Akerlof, George A and Dickens, William T and Perry, George L and Gordon, Robert J and Mankiw, N Gregory},
  journal={Brookings papers on economic activity},
  volume={1996},
  number={1},
  pages={1--76},
  year={1996},
  publisher={JSTOR}
}
@article{Akerlof2000,
  title={Near-rational wage and price setting and the long-run Phillips curve},
  author={Akerlof, George A and Dickens, William T and Perry, George L and Bewley, Truman F and Blinder, Alan S},
  journal={Brookings papers on economic activity},
  volume={2000},
  number={1},
  pages={1--60},
  year={2000},
  publisher={JSTOR}
}
@article{Alesina1993,
  title={Central bank independence and macroeconomic performance: some comparative evidence},
  author={Alesina, Alberto and Summers, Lawrence H},
  journal={Journal of Money, Credit and Banking},
  volume={25},
  number={2},
  pages={151--162},
  year={1993},
  publisher={JSTOR}
}
@article{Alesina2002,
  title={Currency unions},
  author={Alesina, Alberto and Barro, Robert J},
  journal={The Quarterly Journal of Economics},
  volume={117},
  number={2},
  pages={409--436},
  year={2002},
  publisher={MIT Press}
}
@article{Alesina2002B,
  title={Optimal currency areas},
  author={Alesina, Alberto and Barro, Robert J and Tenreyro, Silvana},
  journal={NBER macroeconomics annual},
  volume={17},
  pages={301--345},
  year={2002},
  publisher={MIT Press}
}
@article{Alpanda2019,
  title={State dependence of monetary policy across business, credit and interest rate cycles},
  author={Alpanda, Sami and Granziera, Eleonora and Zubairy, Sarah},
  journal={European Economic Review},
  volume={140},
  pages={103936},
  year={2021},
  publisher={Elsevier}
}
@article{Alvarez2019,
  title={{From hyperinflation to stable prices: Argentina’s evidence on menu cost models}},
  author={Alvarez, Fernando and Beraja, Martin and Gonzalez-Rozada, Martin and Neumeyer, Pablo Andr{\'e}s},
  journal={The Quarterly Journal of Economics},
  volume={134},
  number={1},
  pages={451--505},
  year={2019},
  publisher={Oxford University Press}
}
@article{Anderson1949,
  title={Estimation of the parameters of a single equation in a complete system of stochastic equations},
  author={Anderson, Theodore W and Rubin, Herman},
  journal={The Annals of Mathematical Statistics},
  volume={20},
  number={1},
  pages={46--63},
  year={1949},
  publisher={Institute of Mathematical Statistics}
}
@techreport{Andrade2018,
  title={The optimal inflation target and the natural rate of interest},
  author={Andrade, Philippe and Gal{\'\i}, Jordi and Bihan, Herv{\'e} Le and Matheron, Julien},
  year={2018},
  institution={National Bureau of Economic Research}
}
@article{Andrews2003,
  title={Tests for parameter instability and structural change with unknown change point: A corrigendum},
  author={Andrews, Donald WK},
  journal={Econometrica},
  pages={395--397},
  year={2003},
  publisher={JSTOR}
}
@article{Apel2017,
  title={The level of the inflation target--a review of the issues},
  author={Apel, Mikael and Armelius, Hanna and Claussen, Carl Andreas},
  year={2017}
}
@article{Ascari2021,
  title={Non-linearities, state-dependent prices and the transmission mechanism of monetary policy},
  author={Ascari, Guido and Haber, Timo},
  journal={The Economic Journal},
  volume={132},
  number={641},
  pages={37--57},
  year={2022},
  publisher={Oxford University Press}
}
@article{Ascari2022,
  title={The long-run phillips curve is... a curve},
  author={Ascari, Guido and Bonomolo, Paolo and Haque, Qazi},
  year={2022},
  journal={Mimeo}
}
@article{Auer2017,
  title={The globalisation of inflation: the growing importance of global value chains},
  author={Auer, Raphael and Borio, Claudio EV and Filardo, Andrew J},
  year={2017}
}
@incollection{Auerbach2012a,
  title={Fiscal multipliers in recession and expansion},
  author={Auerbach, Alan J and Gorodnichenko, Yuriy},
  booktitle={Fiscal policy after the financial crisis},
  pages={63--98},
  year={2012},
  publisher={University of Chicago press}
}
@article{Auerbach2012b,
  title={Measuring the output responses to fiscal policy},
  author={Auerbach, Alan J and Gorodnichenko, Yuriy},
  journal={American Economic Journal: Economic Policy},
  volume={4},
  number={2},
  pages={1--27},
  year={2012}
}
@techreport{Auerbach2017,
  title={Fiscal stimulus and fiscal sustainability},
  author={Auerbach, Alan J and Gorodnichenko, Yuriy},
  year={2017},
  institution={National Bureau of Economic Research}
}
@article{Athey2017,
  title={The state of applied econometrics: Causality and policy evaluation},
  author={Athey, Susan and Imbens, Guido W},
  journal={Journal of Economic Perspectives},
  volume={31},
  number={2},
  pages={3--32},
  year={2017}
}
@article{Bachmann2012,
  title={Confidence and the transmission of government spending shocks},
  author={Bachmann, R{\"u}diger and Sims, Eric R},
  journal={Journal of Monetary Economics},
  volume={59},
  number={3},
  pages={235--249},
  year={2012},
  publisher={Elsevier}
}
@article{Badinger2005,
  title={Growth effects of economic integration: evidence from the EU member states},
  author={Badinger, Harald},
  journal={Review of World Economics},
  volume={141},
  number={1},
  pages={50--78},
  year={2005},
  publisher={Springer}
}
@article{Baldwin2008,
  title={Study on the impact of the euro on trade and foreign direct investment},
  author={Baldwin, Richard E and Di Nino, Virginia and Fontagn{\'e}, Lionel and De Santis, Roberto A and Taglioni, Daria},
  journal={European Economic and Monetary Union Working Paper},
  number={321},
  year={2008}
}
@article{Ball1988,
  title={The new Keynesian economics and the output-inflation trade-off},
  author={Ball, Laurence and Mankiw, N Gregory and Romer, David and Akerlof, George A and Rose, Andrew and Yellen, Janet and Sims, Christopher A},
  journal={Brookings Papers on Economic Activity},
  volume={1988},
  number={1},
  pages={1--82},
  year={1988},
  publisher={JSTOR}
}
@article{Ball2011,
  title={Inflation Dynamics and the Great Recession},
  author={Ball, Laurence and Mazumder, Sandeep},
  journal={Brookings Papers on Economic Activity},
  pages={337--405},
  year={2011},
  publisher={JSTOR}
}
@book{Ball2014,
  title={The case for a long-run inflation target of four percent},
  author={Ball, Laurence M},
  number={14-92},
  year={2014},
  publisher={International Monetary Fund}
}
@article{Ball2015,
  title={Do forecasters believe in Okun’s Law? An assessment of unemployment and output forecasts},
  author={Ball, Laurence and Jalles, Jo{\~a}o Tovar and Loungani, Prakash},
  journal={International Journal of Forecasting},
  volume={31},
  number={1},
  pages={176--184},
  year={2015},
  publisher={Elsevier}
}
@article{Ball2017,
  title={Okun's law: Fit at 50?},
  author={Ball, Laurence and Leigh, Daniel and Loungani, Prakash},
  journal={Journal of Money, Credit and Banking},
  volume={49},
  number={7},
  pages={1413--1441},
  year={2017},
  publisher={Wiley Online Library}
}
@article{Ball2019,
  title={A Phillips Curve with Anchored Expectations and Short-Term Unemployment},
  author={Ball, Laurence and Mazumder, Sandeep},
  journal={Journal of Money, Credit and Banking},
  volume={51},
  number={1},
  pages={111--137},
  year={2019},
  publisher={Wiley Online Library}
}
@article{Ball2019b,
  title={Does one law fit all? Cross-country evidence on Okun’s law},
  author={Ball, Laurence and Furceri, Davide and Leigh, Daniel and Loungani, Prakash},
  journal={Open Economies Review},
  volume={30},
  number={5},
  pages={841--874},
  year={2019},
  publisher={Springer}
}
@article{Balli2013,
  title={Interaction effects in econometrics},
  author={Balli, Hatice Ozer and S{\o}rensen, Bent E},
  journal={Empirical Economics},
  volume={45},
  number={1},
  pages={583--603},
  year={2013},
  publisher={Springer}
}
@book{Baltensperger2017,
  title={Swiss monetary history since the early 19th century},
  author={Baltensperger, Ernst and Kugler, Peter},
  year={2017},
  publisher={Cambridge University Press}
}
@article{Barnichon2017,
  title={Understanding the size of the government spending multiplier: It's in the sign},
  author={Barnichon, Regis and Matthes, Christian},
  year={2017}
}
@article{Barnichon2019,
  title={The Phillips Multiplier},
  author={Barnichon, Regis and Mesters, Geert},
  journal={Journal of Monetary Economics},
  volume={117},
  pages={689--705},
  year={2021},
  publisher={Elsevier}
}
@article{Barnichon2020,
  title={Identifying modern macro equations with old shocks},
  author={Barnichon, R{\'e}gis and Mesters, Geert},
  journal={The Quarterly Journal of Economics},
  year={2020}
}
@techreport{Baron2019,
  title={Salient crises, quiet crises},
  author={Baron, Matthew and Verner, Emil and Xiong, Wei},
  year={2019}
}
@article{Barr2003,
  title={Life on the outside: economic conditions and prospects outside euroland},
  author={Barr, David and Breedon, Francis and Miles, David},
  journal={Economic Policy},
  volume={18},
  number={37},
  pages={573--613},
  year={2003},
  publisher={Oxford University Press}
}
@article{Barro1981,
  title={Output effects of government purchases},
  author={Barro, Robert J},
  journal={Journal of political Economy},
  volume={89},
  number={6},
  pages={1086--1121},
  year={1981},
  publisher={The University of Chicago Press}
}
@article{Barro2007,
  title={Economic effects of currency unions},
  author={Barro, Robert and Tenreyro, Silvana},
  journal={Economic Inquiry},
  volume={45},
  number={1},
  pages={1--23},
  year={2007},
  publisher={Wiley Online Library}
}
@article{Barro2011,
  title={Macroeconomic effects from government purchases and taxes},
  author={Barro, Robert J and Redlick, Charles J},
  journal={The Quarterly Journal of Economics},
  volume={126},
  number={1},
  pages={51--102},
  year={2011},
  publisher={MIT Press}
}
@article{Batini2006,
  title={Under what Conditions Can Inflation Targeting be Adopted?: The Experience of Emerging Markets},
  author={Batini, Nicoletta and Laxton, Douglas},
  journal={Documentos de Trabajo (Banco Central de Chile)},
  number={406},
  pages={1},
  year={2006},
  publisher={Banco Central de Chile}
}
@book{Batini2014,
  title={Fiscal multipliers: Size, determinants, and use in macroeconomic projections},
  author={Batini, Nicoletta and Eyraud, Luc and Forni, Lorenzo and Weber, Anke},
  number={14},
  year={2014},
  publisher={International Monetary Fund}
}
@book{Baum2012,
  title={Fiscal Multipliers and the State of the Economy},
  author={Baum, Ms Anja and Poplawski-Ribeiro, Mr Marcos and Weber, Anke},
  number={12-286},
  year={2012},
  publisher={International Monetary Fund}
}
@article{Bayoumi1997,
  title={Ever closer to heaven? An optimum-currency-area index for European countries},
  author={Bayoumi, Tamim and Eichengreen, Barry},
  journal={European economic review},
  volume={41},
  number={3-5},
  pages={761--770},
  year={1997},
  publisher={Elsevier}
}
@article{Baxter1993,
  title={Fiscal policy in general equilibrium},
  author={Baxter, Marianne and King, Robert G},
  journal={The American Economic Review},
  pages={315--334},
  year={1993},
  publisher={JSTOR}
}
@article{Bazot2019,
  title={Taming the Global Financial Cycle: Central Banks and the Sterilization of Capital Flows in the First Era of Globalization (1891-1913)},
  author={Bazot, Guillaume and Monnet, Eric and Morys, Matthias},
  year={2019},
  publisher={CEPR Discussion Paper No. DP13895}
}
@article{Beetsma2010,
  title={The macroeconomic costs and benefits of the EMU and other monetary unions: an overview of recent research},
  author={Beetsma, Roel and Giuliodori, Massimo},
  journal={Journal of Economic Literature},
  volume={48},
  number={3},
  pages={603--41},
  year={2010}
}
@article{Benassy2006,
  title={Changing patterns of domestic and cross-border fiscal policy multipliers in Europe and the US},
  author={B{\'e}nassy-Qu{\'e}r{\'e}, Agn{\`e}s and Cimadomo, Jacopo},
  year={2006}
}
@article{Benati2007,
  title={{The Time-Varying Phillips Correlation}},
  author={Benati, Luca},
  journal={Journal of Money, Credit and Banking},
  volume={39},
  number={5},
  pages={1275--1283},
  year={2007},
  publisher={Wiley Online Library}
}
@article{Benati2008,
  title={Investigating inflation persistence across monetary regimes},
  author={Benati, Luca},
  journal={The Quarterly Journal of Economics},
  volume={123},
  number={3},
  pages={1005--1060},
  year={2008},
  publisher={MIT Press}
}
@article{Benati2015,
  title={The long-run Phillips curve: A structural VAR investigation},
  author={Benati, Luca},
  journal={Journal of monetary economics},
  volume={76},
  pages={15--28},
  year={2015},
  publisher={Elsevier}
}
@article{Benigno2011,
  title={The inflation-output trade-off with downward wage rigidities},
  author={Benigno, Pierpaolo and Ricci, Luca Antonio},
  journal={American Economic Review},
  volume={101},
  number={4},
  pages={1436--66},
  year={2011}
}
@article{Berg1997,
  title={Monetary policy in Sweden since 1992},
  author={Berg, Claes and Gr{\"o}ttheim, Richard},
  year={1997}
}
@article{Berg1999,
  title={Pioneering price level targeting: the Swedish experience 1931--1937},
  author={Berg, Claes and Jonung, Lars},
  journal={Journal of Monetary Economics},
  volume={43},
  number={3},
  pages={525--551},
  year={1999},
  publisher={Elsevier}
}
@article{Bergholt2023,
  title={Did monetary policy kill the Phillips curve? Some simple arithmetics},
  author={Bergholt, Drago and Furlanetto, Francesco and Vaccaro-Grange, Etienne},
  year={2023},
  journal={Mimeo},
  publisher={Norges Bank}
}
@article{Bernanke1997,
  title={Inflation targeting: a new framework for monetary policy?},
  author={Bernanke, Ben S and Mishkin, Frederic S},
  journal={Journal of Economic perspectives},
  volume={11},
  number={2},
  pages={97--116},
  year={1997}
}
@techreport{Bilbiie2014,
  title={Is government spending at the zero lower bound desirable?},
  author={Bilbiie, Florin O and Monacelli, Tommaso and Perotti, Roberto},
  year={2014},
  institution={National Bureau of Economic Research}
}
@article{Billi2011,
  title={Optimal inflation for the US economy},
  author={Billi, Roberto M},
  journal={American Economic Journal: Macroeconomics},
  volume={3},
  number={3},
  pages={29--52},
  year={2011}
}
@techreport{Billi2019,
  title={Gains from wage flexibility and the zero lower bound},
  author={Billi, Roberto M and Gal{\'\i}, Jordi and CREI, UPF},
  year={2019}
}
@article{Blanchard1989,
  title={A traditional interpretation of macroeconomic fluctuations},
  author={Blanchard, Olivier Jean},
  journal={The American Economic Review},
  pages={1146--1164},
  year={1989},
  publisher={JSTOR}
}
@article{Blanchard1999,
  title={Wage dynamics: reconciling theory and evidence},
  author={Blanchard, Olivier and Katz, Lawrence F},
  journal={American Economic Review},
  volume={89},
  number={2},
  pages={69--74},
  year={1999}
}
@article{Blanchard2002,
  title={An empirical characterization of the dynamic effects of changes in government spending and taxes on output},
  author={Blanchard, Olivier and Perotti, Roberto},
  journal={the Quarterly Journal of economics},
  volume={117},
  number={4},
  pages={1329--1368},
  year={2002},
  publisher={MIT Press}
}
@article{Blanchard2010,
  title={Rethinking macroeconomic policy},
  author={Blanchard, Olivier and Dell’Ariccia, Giovanni and Mauro, Paolo},
  journal={Journal of Money, Credit and Banking},
  volume={42},
  pages={199--215},
  year={2010},
  publisher={Wiley Online Library}
}
@techreport{Blanchard2013,
  title={Rethinking macro policy II: getting granular},
  author={Blanchard, Olivier J and Dell'Ariccia, Mr Giovanni and Mauro, Mr Paolo},
  year={2013},
  institution={International Monetary Fund}
}
@techreport{Blanchard2015,
  title={Inflation and activity--two explorations and their monetary policy implications},
  author={Blanchard, Olivier and Cerutti, Eugenio and Summers, Lawrence},
  year={2015},
  institution={National Bureau of Economic Research}
}
@article{Blanchard2016,
  title={The Phillips Curve: Back to the'60s?},
  author={Blanchard, Olivier},
  journal={American Economic Review},
  volume={106},
  number={5},
  pages={31--34},
  year={2016}
}
@article{Bobeica2019,
  title={The link between labor cost and price inflation in the euro area},
  author={Bobeica, Elena and Ciccarelli, Matteo and Vansteenkiste, Isabel},
  year={2019},
  publisher={ECB Working Paper}
}
@inproceedings{Boehm2018,
  title={Government Consumption and Investment: Does the Composition of Purchases Affect the Multiplier?},
  author={Boehm, Christoph E and others},
  booktitle={Research Seminar in International Economics, University of Michigan Working Papers},
  number={662},
  year={2018}
}
@article{Bonam2021,
  title={Time-varying wage Phillips curves in the euro area with a new measure for labor market slack},
  author={Bonam, Dennis and de Haan, Jakob and Van Limbergen, Duncan},
  journal={Economic Modelling},
  volume={96},
  pages={157--171},
  year={2021},
  publisher={Elsevier}
}
@techreport{Bordalo2017,
  title={Memory, attention, and choice},
  author={Bordalo, Pedro and Gennaioli, Nicola and Shleifer, Andrei},
  year={2017},
  institution={National Bureau of Economic Research}
}
@techreport{Bordalo2019,
  title={Memory and representativeness},
  author={Bordalo, Pedro and Coffman, Katherine and Gennaioli, Nicola and Schwerter, Frederik and Shleifer, Andrei},
  year={2019},
  institution={National Bureau of Economic Research}
}
@incollection{Bordo1995,
  title={France and the Bretton Woods International Monetary System 1960 to 1968},
  author={Bordo, Michael D and Simard, Dominique and White, Eugene N},
  booktitle={International monetary systems in historical perspective},
  pages={153--180},
  year={1995},
  publisher={Springer}
}
@incollection{Bordo1995B,
  title={Portugal and the Bretton Woods international monetary system},
  author={Bordo, Michael D and dos Santos, Fernando Teixeira},
  booktitle={International Monetary Systems in Historical Perspective},
  pages={181--208},
  year={1995},
  publisher={Springer}
}
@article{Bordo1996,
  title={The gold standard as a “good housekeeping seal of approval”},
  author={Bordo, Michael D and Rockoff, Hugh},
  journal={The Journal of Economic History},
  volume={56},
  number={2},
  pages={389--428},
  year={1996},
  publisher={Cambridge University Press}
}
@article{Bordo1999,
  title={Monetary policy regimes and economic performance: the historical record},
  author={Bordo, Michael D and Schwartz, Anna J},
  journal={Handbook of Macroeconomics},
  volume={1},
  pages={149--234},
  year={1999},
  publisher={Elsevier}
}
@article{Bordo2010,
  title={Canada and the IMF: Trailblazer or Prodigal Son?},
  author={Bordo, Michael D and Gomes, Tamara and Schembri, Lawrence L},
  journal={Open Economies Review},
  volume={21},
  number={2},
  pages={309--333},
  year={2010},
  publisher={Springer}
}
@article{Bordo2018,
  title={An Historical Perspective on the Quest for Financial Stability and the Monetary Policy Regime},
  author={Bordo, Michael D},
  journal={The Journal of Economic History},
  volume={78},
  number={2},
  pages={319--357},
  year={2018},
  publisher={Cambridge University Press}
}
@techreport{Bordo2018B,
  title={Perceived FOMC: the making of hawks, doves and swingers},
  author={Bordo, Michael D and Istrefi, Klodiana},
  year={2018},
  institution={National Bureau of Economic Research}
}
@article{Borio2017,
  title={Is monetary policy less effective when interest rates are persistently low?},
  author={Borio, Claudio EV and Hofmann, Boris},
  year={2017},
  publisher={BIS Working Paper}
}
@article{Borio2018,
  title={Monetary policy in the grip of a pincer movement},
  author={Borio, Claudio EV and Disyatat, Piti and Juselius, Mikael and Rungcharoenkitkul, Phurichai},
  year={2018},
  publisher={BIS Working Paper}
}
@article{Born2013,
  title={Exchange rate regimes and fiscal multipliers},
  author={Born, Benjamin and Juessen, Falko and M{\"u}ller, Gernot J},
  journal={Journal of Economic Dynamics and Control},
  volume={37},
  number={2},
  pages={446--465},
  year={2013},
  publisher={Elsevier}
}
@article{Born2018,
  title={The costs of economic nationalism: evidence from the Brexit experiment},
  author={Born, Benjamin and M{\"u}ller, Gernot J and Schularick, Moritz and Sedl{\'a}cek, P},
  journal={The Economic Journal},
  year={2020}
}
@article{Born2019,
  title={Stable genius? The macroeconomic impact of Trump},
  author={Born, Benjamin and M{\"u}ller, Gernot J and Schularick, Moritz and Sedl{\'a}cek, Petr},
  journal={CEPR Discussion Paper No. DP13798},
  year={2019}
}
@article{Bose2002,
  title={Inflation, the credit market, and economic growth},
  author={Bose, Niloy},
  journal={Oxford Economic Papers},
  volume={54},
  number={3},
  pages={412--434},
  year={2002},
  publisher={Oxford University Press}
}
@article{Botosaru2019,
  title={On the role of covariates in the synthetic control method},
  author={Botosaru, Irene and Ferman, Bruno},
  journal={The Econometrics Journal},
  volume={22},
  number={2},
  pages={117--130},
  year={2019},
  publisher={Oxford University Press}
}
@article{Boyer2002,
  title={New estimates of British unemployment, 1870--1913},
  author={Boyer, George R and Hatton, Timothy J},
  journal={The Journal of Economic History},
  volume={62},
  number={3},
  pages={643--675},
  year={2002},
  publisher={Cambridge University Press}
}
@article{Brinca2016,
  title={Fiscal multipliers in the 21st century},
  author={Brinca, Pedro and Holter, Hans A and Krusell, Per and Malafry, Laurence},
  journal={Journal of Monetary Economics},
  volume={77},
  pages={53--69},
  year={2016},
  publisher={Elsevier}
}
@techreport{Bullard2018,
  title={The case of the disappearing Phillips Curve},
  author={Bullard, James},
  year={2018},
  institution={St. Louis Fed}
}
@article{Breinlich2020,
  title={Voting with their money: Brexit and outward investment by UK firms},
  author={Breinlich, Holger and Leromain, Elsa and Novy, Dennis and Sampson, Thomas},
  journal={European Economic Review},
  pages={103400},
  year={2020},
  publisher={Elsevier}
}
@article{Brueckner2019,
  title={Local Autonomy and Government Spending Multipliers: Evidence from European Regions},
  author={Brueckner, Markus and Pappa, Evi and Valentinyi, Akos},
  year={2019},
  publisher={CEPR Discussion Paper No. DP14106}
}
@article{Brunnermeier2016,
  title={On the optimal inflation rate},
  author={Brunnermeier, Markus K and Sannikov, Yuliy},
  journal={American Economic Review},
  volume={106},
  number={5},
  pages={484--89},
  year={2016}
}
@article{Calvo1983,
  title={Staggered prices in a utility-maximizing framework},
  author={Calvo, Guillermo A},
  journal={Journal of Monetary Economics},
  volume={12},
  number={3},
  pages={383--398},
  year={1983},
  publisher={North-Holland}
}
@article{Campos2018,
  title={Institutional integration and economic growth in Europe},
  author={Campos, Nauro F and Coricelli, Fabrizio and Moretti, Luigi},
  journal={Journal of Monetary Economics},
  year={2018},
  publisher={Elsevier}
}
@article{Candelon2009,
  title={Fiscal policy and monetary integration in Europe: an update},
  author={Candelon, Bertrand and Muysken, Joan and Vermeulen, Robert},
  journal={oxford economic papers},
  volume={62},
  number={2},
  pages={323--349},
  year={2009},
  publisher={Oxford University Press}
}
@article{Canova2006,
  title={Monetary Policy and the Evolution of the US Economy},
  author={Canova, Fabio},
  year={2006},
  publisher={CEPR discussion paper}
}
@article{Canova2020,
  title={Detecting and analyzing the effects of time-varying parameters in dsge models},
  author={Canova, Fabio and Ferroni, Filippo and Matthes, Christian},
  journal={International Economic Review},
  volume={61},
  number={1},
  pages={105--125},
  year={2020},
  publisher={Wiley Online Library}
}
@book{Capie1994,
  title={The future of central banking: the tercentenary symposium of the Bank of England},
  author={Capie, Forrest and CAPER, ROBERT and Fischer, Stanley and Goodhart, Charles and Schnadt, Norbert},
  year={1994},
  publisher={Cambridge University Press}
}
@article{Carlsson2016,
  title={Labor market frictions and optimal steady-state inflation},
  author={Carlsson, Mikael and Westermark, Andreas},
  journal={Journal of Monetary Economics},
  volume={78},
  pages={67--79},
  year={2016},
  publisher={Elsevier}
}
@article{Carvalho2020,
  title={Anchored inflation expectations},
  author={Carvalho, Carlos and Eusepi, Stefano and Moench, Emanuel and Preston, Bruce},
  journal={Available at SSRN 3018198},
  year={2020}
}
@article{Cavallo2013,
  title={Catastrophic natural disasters and economic growth},
  author={Cavallo, Eduardo and Galiani, Sebastian and Noy, Ilan and Pantano, Juan},
  journal={Review of Economics and Statistics},
  volume={95},
  number={5},
  pages={1549--1561},
  year={2013},
  publisher={MIT Press}
}
@inproceedings{Cecchetti2007,
  title={Understanding the evolving inflation process},
  author={Cecchetti, Stephen G and Hooper, Peter and Kasman, Bruce C and Schoenholtz, Kermit L and Watson, Mark W},
  year={2007}
}
@book{Cecchetti2000,
  title={Asset prices and central bank policy},
  author={Cecchetti, Stephen Giovanni and Genberg, Hans and Lipsky, John and Wadhwani, Sushil},
  year={2000},
  publisher={Centre for Economic Policy Research}
}
@article{Chen2019,
  title={When do fixed exchange rates work? Evidence from the Gold Standard},
  author={Chen, Yao and Ward, Felix},
  journal={Journal of International Economics},
  volume={116},
  pages={158--172},
  year={2019},
  publisher={Elsevier}
}
@article{Chin2019,
  title={New Keynesian Phillips Curve with time-varying parameters},
  author={Chin, Kuo-Hsuan},
  journal={Empirical Economics},
  volume={57},
  number={6},
  pages={1869--1889},
  year={2019},
  publisher={Springer}
}
@article{Choi2018,
  title={Aggregate uncertainty and sectoral productivity growth: The role of credit constraints},
  author={Choi, Sangyup and Furceri, Davide and Huang, Yi and Loungani, Prakash},
  journal={Journal of International Money and Finance},
  volume={88},
  pages={314--330},
  year={2018},
  publisher={Elsevier}
}
@article{Choi2019,
  title={Inflation Anchoring, Real Borrowing Costs, and Growth: Evidence from Sectoral Data},
  author={Choi, Sangyup and Furceri, Davide and Loungani, Prakash},
  journal={Real Borrowing Costs, and Growth: Evidence from Sectoral Data (June 9, 2019)},
  year={2019}
}
@techreport{Christiano2010,
  title={Monetary policy and stock market booms},
  author={Christiano, Lawrence and Ilut, Cosmin L and Motto, Roberto and Rostagno, Massimo},
  year={2010},
  institution={National Bureau of Economic Research}
}
@article{Christiano2011,
  title={When is the government spending multiplier large?},
  author={Christiano, Lawrence and Eichenbaum, Martin and Rebelo, Sergio},
  journal={Journal of Political Economy},
  volume={119},
  number={1},
  pages={78--121},
  year={2011},
  publisher={University of Chicago Press Chicago, IL}
}
@article{Ciccarelli2010,
  title={Global inflation},
  author={Ciccarelli, Matteo and Mojon, Benoit},
  journal={The Review of Economics and Statistics},
  volume={92},
  number={3},
  pages={524--535},
  year={2010},
  publisher={The MIT Press}
}
@article{Cimadomo2012,
  title={Changing patterns of fiscal policy multipliers in Germany, the UK and the US},
  author={Cimadomo, Jacopo and B{\'e}nassy-Qu{\'e}r{\'e}, Agn{\`e}s},
  journal={Journal of Macroeconomics},
  volume={34},
  number={3},
  pages={845--873},
  year={2012},
  publisher={Elsevier}
}
@article{Clarida2000,
  title={Monetary policy rules and macroeconomic stability: evidence and some theory},
  author={Clarida, Richard and Gali, Jordi and Gertler, Mark},
  journal={The Quarterly journal of economics},
  volume={115},
  number={1},
  pages={147--180},
  year={2000},
  publisher={MIT Press}
}
@article{Coenen2012,
  title={Effects of fiscal stimulus in structural models},
  author={Coenen, G{\"u}nter and Erceg, Christopher J and Freedman, Charles and Furceri, Davide and Kumhof, Michael and Lalonde, Ren{\'e} and Laxton, Douglas and Lind{\'e}, Jesper and Mourougane, Annabelle and Muir, Dirk and others},
  journal={American Economic Journal: Macroeconomics},
  volume={4},
  number={1},
  pages={22--68},
  year={2012}
}
@article{Cogley2008,
  title={Trend inflation, indexation, and inflation persistence in the New Keynesian Phillips curve},
  author={Cogley, Timothy and Sbordone, Argia M},
  journal={American Economic Review},
  volume={98},
  number={5},
  pages={2101--26},
  year={2008}
}
@article{Costain2022,
  title={Flattening of the phillips curve with state-dependent prices and wages},
  author={Costain, James and Nakov, Anton and Petit, Borja},
  journal={The Economic Journal},
  volume={132},
  number={642},
  pages={546--581},
  year={2022},
  publisher={Oxford University Press}
}
@article{Coibion2012,
  title={The optimal inflation rate in New Keynesian models: should central banks raise their inflation targets in light of the zero lower bound?},
  author={Coibion, Olivier and Gorodnichenko, Yuriy and Wieland, Johannes},
  journal={Review of Economic Studies},
  volume={79},
  number={4},
  pages={1371--1406},
  year={2012},
  publisher={Oxford University Press}
}
@techreport{Coibion2013,
  title={Amerisclerosis? The puzzle of rising US unemployment persistence},
  author={Coibion, Olivier and Gorodnichenko, Yuriy and Koustas, Dmitri},
  year={2013},
  institution={National Bureau of Economic Research}
}
@article{Coibion2015,
  title={Is the Phillips curve alive and well after all? {I}nflation expectations and the missing disinflation},
  author={Coibion, Olivier and Gorodnichenko, Yuriy},
  journal={American Economic Journal: Macroeconomics},
  volume={7},
  number={1},
  pages={197--232},
  year={2015}
}
@article{Coibion2018,
  title={The formation of expectations, inflation, and the phillips curve},
  author={Coibion, Olivier and Gorodnichenko, Yuriy and Kamdar, Rupal},
  journal={Journal of Economic Literature},
  volume={56},
  number={4},
  pages={1447--91},
  year={2018}
}
@article{Coibion2019,
  title={Is Inflation Just Around the Corner? {T}he Phillips Curve and Global Inflationary Pressures},
  author={Coibion, Olivier and Gorodnichenko, Yuriy and Ulate, Mauricio},
  journal={AEA Papers and Proceedings},
  volume={109},
  pages={465--69},
  year={2019}
}
@article{Corsetti2012,
  title={What determines government spending multipliers?},
  author={Corsetti, Giancarlo and Meier, Andre and M{\"u}ller, Gernot J},
  journal={Economic Policy},
  volume={27},
  number={72},
  pages={521--565},
  year={2012},
  publisher={Oxford University Press}
}
@article{Corsetti2013,
  title={Floats, pegs and the transmission of fiscal policy},
  author={Corsetti, Giancarlo and Kuester, Keith and M{\"u}ller, Gernot J and others},
  journal={Central Banking, Analysis, and Economic Policies Book Series},
  volume={17},
  pages={235--281},
  year={2013},
  publisher={Central Bank of Chile}
}
@article{Cruz2000,
  title={A revis{\~a}o falhada do sistema eleitoral},
  author={da Cruz, Manuel Braga},
  journal={An{\'a}lise Social},
  pages={45--53},
  year={2000},
  publisher={JSTOR}
}
@techreport{Cunningham2019,
  title={Exploring Wage Phillips Curves in Advanced Economies},
  author={Cunningham, Rose and Rai, Vikram and Hess, Kristina and others},
  year={2019}
}
@article{Dabrowski2019,
  title={The Economic and Monetary Union: Past, Present and Future},
  author={Dabrowski, Marek},
  journal={CASE Research Paper No},
  number={497},
  year={2019}
}
@article{Daly2012,
  title={Why has wage growth stayed strong?},
  author={Daly, Mary and Hobijn, Bart and Lucking, Brian and others},
  journal={FRBSF Economic Letter},
  volume={10},
  number={2},
  year={2012},
  publisher={Citeseer}
}
@article{Daly2014,
  title={Downward nominal wage rigidities bend the Phillips curve},
  author={Daly, Mary C and Hobijn, Bart},
  journal={Journal of Money, Credit and Banking},
  volume={46},
  number={S2},
  pages={51--93},
  year={2014},
  publisher={Wiley Online Library}
}
@article{Daly2014b,
  title={Interpreting deviations from Okun’s Law},
  author={Daly, Mary C and Fernald, John and Jord{\`a}, {\`O}scar and Nechio, Fernanda and others},
  journal={FRBSF Economic Letter},
  volume={12},
  year={2014},
  publisher={Federal Reserve Bank of San Francisco}
}
@article{DeCos2016,
  title={Fiscal multipliers in turbulent times: the case of Spain},
  author={De Cos, Pablo Hern{\'a}ndez and Moral-Benito, Enrique},
  journal={Empirical Economics},
  volume={50},
  number={4},
  pages={1589--1625},
  year={2016},
  publisher={Springer}
}
@book{DeGrauwe2020,
  title={Economics of the Monetary Union},
  author={De Grauwe, Paul},
  year={2020},
  publisher={Oxford University Press, USA}
}
@article{DeMichelis2016,
  title={Raising an inflation target: The Japanese experience with Abenomics},
  author={De Michelis, Andrea and Iacoviello, Matteo},
  journal={European Economic Review},
  volume={88},
  pages={67--87},
  year={2016},
  publisher={Elsevier}
}
@article{DeSchryder2020,
  title={Wage indexation and the monetary policy regime},
  author={De Schryder, Selien and Peersman, Gert and Wauters, Joris},
  journal={Journal of Macroeconomics},
  volume={63},
  pages={103166},
  year={2020},
  publisher={Elsevier}
}
@article{DeSousa2011,
  title={Does the single currency affect foreign direct investment?},
  author={De Sousa, Jose and Lochard, Julie},
  journal={The Scandinavian Journal of Economics},
  volume={113},
  number={3},
  pages={553--578},
  year={2011},
  publisher={Wiley Online Library}
}
@article{DelNegro2015,
  title={Inflation in the great recession and new keynesian models},
  author={Del Negro, Marco and Giannoni, Marc P and Schorfheide, Frank},
  journal={American Economic Journal: Macroeconomics},
  volume={7},
  number={1},
  pages={168--96},
  year={2015}
}
@article{Del2017,
  title={Safety, liquidity, and the natural rate of interest},
  author={Del Negro, Marco and Giannone, Domenico and Giannoni, Marc P and Tambalotti, Andrea},
  journal={Brookings Papers on Economic Activity},
  volume={2017},
  number={1},
  pages={235--316},
  year={2017},
  publisher={Brookings Institution Press}
}
@techreport{DelNegro2020,
  title={What’s up with the Phillips Curve?},
  author={Del Negro, Marco and Lenza, Michele and Primiceri, Giorgio E and Tambalotti, Andrea},
  year={2020},
  institution={National Bureau of Economic Research}
}
@article{Dickens2007,
  title={How wages change: micro evidence from the International Wage Flexibility Project},
  author={Dickens, William T and Goette, Lorenz and Groshen, Erica L and Holden, Steinar and Messina, Julian and Schweitzer, Mark E and Turunen, Jarkko and Ward, Melanie E},
  journal={Journal of Economic Perspectives},
  volume={21},
  number={2},
  pages={195--214},
  year={2007}
}
@article{Diebold1991,
  title={Real exchange rates under the gold standard},
  author={Diebold, Francis X and Husted, Steven and Rush, Mark},
  journal={Journal of Political Economy},
  volume={99},
  number={6},
  pages={1252--1271},
  year={1991},
  publisher={The University of Chicago Press}
}
@article{Diercks2017,
  title={The Reader's Guide to Optimal Monetary Policy},
  author={Diercks, Anthony M},
  journal={Available at SSRN 2989237},
  year={2017}
}
@article{DiGiovanni2009,
  title={Following {G}ermany's lead: Using international monetary linkages to estimate the effect of monetary policy on the economy},
  author={Di Giovanni, Julian and McCrary, Justin and Von Wachter, Till},
  journal={The Review of Economics and Statistics},
  volume={91},
  number={2},
  pages={315--331},
  year={2009},
  publisher={MIT Press}
}
@article{Dotsey1999,
  title={State-dependent pricing and the general equilibrium dynamics of money and output},
  author={Dotsey, Michael and King, Robert G and Wolman, Alexander L},
  journal={The Quarterly Journal of Economics},
  volume={114},
  number={2},
  pages={655--690},
  year={1999},
  publisher={MIT Press}
}
@article{Dolls2012,
  title={Automatic stabilizers and economic crisis: US vs. Europe},
  author={Dolls, Mathias and Fuest, Clemens and Peichl, Andreas},
  journal={Journal of Public Economics},
  volume={96},
  number={3-4},
  pages={279--294},
  year={2012},
  publisher={Elsevier}
}
@article{Dorda2016,
  title={Infrequent but long-lived zero lower bound episodes and the optimal rate of inflation},
  author={Dordal i Carreras, Marc and Coibion, Olivier and Gorodnichenko, Yuriy and Wieland, Johannes},
  journal={Annual Review of Economics},
  volume={8},
  pages={497--520},
  year={2016},
  publisher={Annual Reviews}
}
@techreport{Eichengreen1989,
  title={The comparative performance of fixed and flexible exchange rate regimes: Interwar evidence},
  author={Eichengreen, Barry},
  year={1989},
  institution={National Bureau of Economic Research}
}
@article{Eichengreen1993,
  title={The political economy of European monetary unification: An analytical introduction},
  author={Eichengreen, Barry and Frieden, Jeffry},
  journal={Economics \& Politics},
  volume={5},
  number={2},
  pages={85--104},
  year={1993},
  publisher={Wiley Online Library}
}
@article{Eickmeier2018,
  title={China'S Role In Global Inflation Dynamics},
  author={Eickmeier, Sandra and K{\"u}hnlenz, Markus},
  journal={Macroeconomic Dynamics},
  volume={22},
  number={2},
  pages={225--254},
  year={2018},
  publisher={Cambridge University Press}
}
@article{Eggertsson2011,
  title={What fiscal policy is effective at zero interest rates?},
  author={Eggertsson, Gauti B},
  journal={NBER Macroeconomics Annual},
  volume={25},
  number={1},
  pages={59--112},
  year={2011},
  publisher={University of Chicago Press Chicago, IL}
}
@article{Elsby2019,
  title={How prevalent is downward rigidity in nominal wages? international evidence from payroll records and pay slips},
  author={Elsby, Michael WL and Solon, Gary},
  journal={Journal of Economic Perspectives},
  volume={33},
  number={3},
  pages={185--201},
  year={2019}
}
@article{Erceg2000,
  title={Optimal monetary policy with staggered wage and price contracts},
  author={Erceg, Christopher J and Henderson, Dale W and Levin, Andrew T},
  journal={Journal of Monetary Economics},
  volume={46},
  number={2},
  pages={281--313},
  year={2000},
  publisher={Elsevier}
}
@article{Erceg2013,
  title={Fiscal consolidation in a currency union: Spending cuts vs. tax hikes},
  author={Erceg, Christopher J and Lind{\'e}, Jesper},
  journal={Journal of Economic Dynamics and Control},
  volume={37},
  number={2},
  pages={422--445},
  year={2013},
  publisher={Elsevier}
}
@article{Eser2020,
  title={The Phillips Curve at the {ECB}},
  author={Eser, Fabian and Karadi, Peter and Lane, Philip R and Moretti, Laura and Osbat, Chiara},
  journal={The Manchester School},
  volume={88},
  pages={50--85},
  year={2020},
  publisher={Wiley Online Library}
}
@incollection{Farhi2016,
  title={Fiscal Multipliers☆: Liquidity Traps and Currency Unions},
  author={Farhi, Emmanuel and Werning, Iv{\'a}n},
  booktitle={Handbook of Macroeconomics},
  volume={2},
  pages={2417--2492},
  year={2016},
  publisher={Elsevier}
}
@book{Fatas2001,
  title={The effects of fiscal policy on consumption and employment: theory and evidence},
  author={Fat{\'a}s, Antonio and Mihov, Ilian and others},
  volume={2760},
  year={2001},
  publisher={Citeseer}
}
@article{Fatas2013,
  title={Policy volatility, institutions, and economic growth},
  author={Fat{\'a}s, Antonio and Mihov, Ilian},
  journal={Review of Economics and Statistics},
  volume={95},
  number={2},
  pages={362--376},
  year={2013},
  publisher={MIT Press}
}
@article{Favero2011,
  title={Country heterogeneity and the international evidence on the effects of fiscal policy},
  author={Favero, Carlo and Giavazzi, Francesco and Perego, Jacopo},
  journal={IMF Economic Review},
  volume={59},
  number={4},
  pages={652--682},
  year={2011},
  publisher={Springer}
}
@article{Farmer2018,
  title={Keynesian economics without the Phillips curve},
  author={Farmer, Roger EA and Nicol{\`o}, Giovanni},
  journal={Journal of Economic Dynamics and Control},
  volume={89},
  pages={137--150},
  year={2018},
  publisher={Elsevier}
}
@article{Feenstra2015,
  title={The next generation of the Penn World Table},
  author={Feenstra, Robert C and Inklaar, Robert and Timmer, Marcel P},
  journal={American Economic Review},
  volume={105},
  number={10},
  pages={3150--82},
  year={2015}
}
@article{Feldstein1997,
  title={The political economy of the European Economic and Monetary Union: Political sources of an economic liability},
  author={Feldstein, Martin},
  journal={Journal of Economic Perspectives},
  volume={11},
  number={4},
  pages={23--42},
  year={1997}
}
@article{Ferman2017,
  title={Cherry picking with synthetic controls},
  author={Ferman, Bruno and Pinto, Cristine and Possebom, Vitor},
  journal={Journal of Policy Analysis and Management},
  pages={forthcoming.},
  year={2020}
}
@article{Ferman2019,
  title={Synthetic controls with imperfect pre-treatment fit},
  author={Ferman, Bruno and Pinto, Cristine},
  year={2019}
}
@article{Fernandez2008,
  title={How Structural Are Structural Parameters?},
  author={Fern{\'a}ndez-Villaverde, Jes{\'u}s and Rubio-Ram{\'\i}rez, Juan F and others},
  journal={NBER Chapters},
  pages={83--137},
  year={2008},
  publisher={National Bureau of Economic Research, Inc}
}
@article{Fernandez2015,
  title={The impact of the euro on euro area GDP per capita},
  author={Fern{\'a}ndez, Cristina and Garcia-Perea, Pilar},
  year={2015},
  journal={Banco de España Working Paper}
}
@article{Fernandez2017,
  title={World shocks, world prices, and business cycles: An empirical investigation},
  author={Fern{\'a}ndez, Andr{\'e}s and Schmitt-Groh{\'e}, Stephanie and Uribe, Mart{\'\i}n},
  journal={Journal of International Economics},
  volume={108},
  pages={S2--S14},
  year={2017},
  publisher={Elsevier}
}
@article{Fligstein2012,
  title={European integration, nationalism and European identity},
  author={Fligstein, Neil and Polyakova, Alina and Sandholtz, Wayne},
  journal={Journal of Common Market Studies},
  volume={50},
  pages={106--122},
  year={2012},
  publisher={Wiley Online Library}
}
@article{Firpo2018,
  title={Synthetic control method: Inference, sensitivity analysis and confidence sets},
  author={Firpo, Sergio and Possebom, Vitor},
  journal={Journal of Causal Inference},
  volume={6},
  number={2},
  year={2018},
  publisher={De Gruyter}
}
@article{Frankel1998,
  title={The endogeneity of the optimum currency area criteria},
  author={Frankel, Jeffrey and Rose, Andrew},
  journal={The Economic Journal},
  volume={108},
  number={449},
  pages={1009--1025},
  year={1998},
  publisher={Wiley Online Library}
}
@article{Frankel2002,
  title={An estimate of the effect of common currencies on trade and income},
  author={Frankel, Jeffrey and Rose, Andrew},
  journal={The Quarterly Journal of Economics},
  volume={117},
  number={2},
  pages={437--466},
  year={2002},
  publisher={MIT Press}
}
@article{Friedman1968,
  title={THE ROLE OF MONETARY POLICY},
  author={Friedman, Milton},
  journal={American Economic Review},
  volume={58},
  number={1},
  year={1968}
}
@techreport{Friedman1969,
  title={The optimum quantity of money, and other essays},
  author={Friedman, Milton},
  year={1969}
}
@article{Gabriel2020a,
  title={Who should you vote for? Empirical evidence from Portuguese local governments},
  author={Gabriel, Ricardo Duque},
  journal={Portuguese Economic Journal},
  pages={1--27},
  year={2020},
  publisher={Springer}
}
@article{Gabriel2020b,
  title={Historical Wage Phillips Curves},
  author={Gabriel, Ricardo Duque},
  year={2020}
}
@article{Gabriel2020c,
  title={Adopting the Euro: a synthetic control approach},
  author={Gabriel, Ricardo Duque and Pessoa, Ana Sofia},
  year={2020}
}
@article{Gagnon2009,
  title={Price setting during low and high inflation: Evidence from {M}exico},
  author={Gagnon, Etienne},
  journal={The Quarterly Journal of Economics},
  volume={124},
  number={3},
  pages={1221--1263},
  year={2009},
  publisher={MIT Press}
}
@techreport{Forbes2021,
  title={Low inflation bends the Phillips curve around the world},
  author={Forbes, Kristin and Gagnon, Joseph and Collins, Christopher G},
  year={2021},
  institution={National Bureau of Economic Research}
}
@techreport{Gagnon2019,
  title={Low Inflation Bends the Phillips Curve},
  author={Gagnon, Joseph and Collins, Christopher G},
  institution={Peterson Institute for International Economics Working Paper},
  number={19-6},
  year={2019}
}
@incollection{Galenson1957,
  title={International comparison of Unemployment rates},
  author={Galenson, Walter and Zellner, Arnold},
  booktitle={The measurement and Behavior of Unemployment},
  pages={439--584},
  year={1957},
  publisher={NBER}
}
@article{Gali1999,
  title={Inflation dynamics: A structural econometric analysis},
  author={Gal{\'\i}, Jordi and Gertler, Mark},
  journal={Journal of Monetary Economics},
  volume={44},
  number={2},
  pages={195--222},
  year={1999},
  publisher={Elsevier}
}
@article{Gali2003,
  title={Fiscal policy and monetary integration in Europe},
  author={Gal{\'\i}, Jordi and Perotti, Roberto},
  journal={Economic Policy},
  volume={18},
  number={37},
  pages={533--572},
  year={2003},
  publisher={Oxford University Press}
}
@article{Gali2005,
  title={Monetary policy and exchange rate volatility in a small open economy},
  author={Gali, Jordi and Monacelli, Tommaso},
  journal={The Review of Economic Studies},
  volume={72},
  number={3},
  pages={707--734},
  year={2005},
  publisher={Wiley-Blackwell}
}
@article{Gali2007,
  title={Understanding the effects of government spending on consumption},
  author={Gal{\'\i}, Jordi and L{\'o}pez-Salido, J David and Vall{\'e}s, Javier},
  journal={Journal of the European Economic Association},
  volume={5},
  number={1},
  pages={227--270},
  year={2007},
  publisher={Wiley Online Library}
}
@article{Gali2011,
  title={The return of the wage Phillips curve},
  author={Gal{\'\i}, Jordi},
  journal={Journal of the European Economic Association},
  volume={9},
  number={3},
  pages={436--461},
  year={2011},
  publisher={Oxford University Press}
}
@article{Gali2012,
  title={Unemployment in an estimated New Keynesian model},
  author={Gal{\'\i}, Jordi and Smets, Frank and Wouters, Rafael},
  journal={NBER macroeconomics annual},
  volume={26},
  number={1},
  pages={329--360},
  year={2012},
  publisher={University of Chicago Press Chicago, IL}
}
@book{Gali2015,
  title={Monetary policy, inflation, and the business cycle: an introduction to the new Keynesian framework and its applications},
  author={Gal{\'\i}, Jordi},
  year={2015},
  publisher={Princeton University Press}
}
@incollection{Gali2019,
  title={Has the {US} wage phillips curve flattened? {A} semi-structural exploration},
  author={Gal{\'\i}, Jordi and Gambetti, Luca},
  booktitle={Changing Inflation Dynamics, Evolving Monetary Policy},
  year={2020},
  publisher={Central Bank of Chile}
}
@article{Galiani2017,
  title={The synth\_runner package: Utilities to automate synthetic control estimation using synth},
  author={Galiani, Sebastian and Quistorff, Brian},
  journal={The Stata Journal},
  volume={17},
  number={4},
  pages={834--849},
  year={2017},
  publisher={SAGE Publications Sage CA: Los Angeles, CA}
}
@article{Garriga2016,
  title={Central bank independence in the world: A new data set},
  author={Garriga, Ana Carolina},
  journal={International Interactions},
  volume={42},
  number={5},
  pages={849--868},
  year={2016},
  publisher={Taylor \& Francis}
}
@article{Gasparotti2019,
  title={20 Years of the Euro: Winners and Losers},
  author={Gasparotti, Alessandro and Kullas, Matthias},
  journal={CEP Working Paper},
  year={2019}
}
@article{Gertler2018,
  title={Monetary facts revisited},
  author={Gertler, Pavel and Hofmann, Boris},
  journal={Journal of International Money and Finance},
  volume={86},
  pages={154--170},
  year={2018},
  publisher={Elsevier}
}
@article{Geerolf2020,
  title={The Phillips Curve: a Relation between Real Exchange Rate Growth and Unemployment},
  author={Geerolf, Fran{\c{c}}ois},
  year={2020}
}
@article{Gilchrist2017,
  title={Inflation dynamics during the financial crisis},
  author={Gilchrist, Simon and Schoenle, Raphael and Sim, Jae and Zakraj{\v{s}}ek, Egon},
  journal={American Economic Review},
  volume={107},
  number={3},
  pages={785--823},
  year={2017}
}
@article{Glick2002,
  title={Does a currency union affect trade? The time-series evidence},
  author={Glick, Reuven and Rose, Andrew K},
  journal={European Economic Review},
  volume={46},
  number={6},
  pages={1125--1151},
  year={2002},
  publisher={Elsevier}
}
@techreport{Gomes2015,
  title={Made in Europe: monetary-fiscal policy mix with financial frictions},
  author={Gomes, Pedro and Seoane, H},
  year={2015},
  institution={mimeo}
}
@incollection{Goodfriend2004,
  title={Inflation targeting in the {United States}?},
  author={Goodfriend, Marvin},
  booktitle={The Inflation-Targeting Debate},
  pages={311--352},
  year={2004},
  publisher={University of Chicago Press}
}
@techreport{Gordon1982,
  title={Inflation, flexible exchange rates, and the natural rate of unemployment},
  author={Gordon, Robert J},
  year={1982},
  institution={Brookings Papers on Economic Activity}
}
@techreport{Gordon2010,
  title={The end of the great depression 1939-41: Policy contributions and fiscal multipliers},
  author={Gordon, Robert J and Krenn, Robert},
  year={2010},
  institution={National Bureau of Economic Research}
}
@article{Gordon2011,
  title={The history of the Phillips curve: Consensus and bifurcation},
  author={Gordon, Robert J},
  journal={Economica},
  volume={78},
  number={309},
  pages={10--50},
  year={2011},
  publisher={Wiley Online Library}
}
@techreport{Gordon2013,
  title={The Phillips curve is alive and well: Inflation and the NAIRU during the slow recovery},
  author={Gordon, Robert J},
  year={2013},
  institution={National Bureau of Economic Research}
}
@inproceedings{Grytten2006,
  title={Economic policy and labour markets in Nordic countries during the great depression of the 1930s},
  author={Grytten, Ola Honningdal}
}
@article{Guiso2019,
  title={Global crises and populism: the role of Eurozone institutions},
  author={Guiso, Luigi and Herrera, Helios and Morelli, Massimo and Sonno, Tommaso},
  journal={Economic Policy},
  volume={34},
  number={97},
  pages={95--139},
  year={2019},
  publisher={Oxford University Press}
}
@article{Hahn2017,
  title={Synthetic control and inference},
  author={Hahn, Jinyong and Shi, Ruoyao},
  journal={Econometrics},
  volume={5},
  number={4},
  pages={52},
  year={2017}
}
@article{Hall2018,
  title={Short-run and long-run effects of milton friedman's presidential address},
  author={Hall, Robert E and Sargent, Thomas J},
  journal={Journal of Economic Perspectives},
  volume={32},
  number={1},
  pages={121--34},
  year={2018}
}
@article{Hamilton2018,
  title={Why you should never use the Hodrick-Prescott filter},
  author={Hamilton, James D},
  journal={Review of Economics and Statistics},
  volume={100},
  number={5},
  pages={831--843},
  year={2018},
  publisher={MIT Press}
}
@inproceedings{Hammond2010,
  title={State of the Arte of Inflation Targeting},
  author={Hammond, Gill},
  booktitle={Bank of England. CCBS Handbook},
  year={2010},
  organization={Citeseer}
}
@article{Hanes2003,
  title={Wage adjustment under low inflation: evidence from US history},
  author={Hanes, Christopher and James, John A},
  journal={American Economic Review},
  volume={93},
  number={4},
  pages={1414--1424},
  year={2003}
}
@article{Hazell2021,
  title={The slope of the Phillips Curve: evidence from {US} states},
  author={Hazell, Jonathon and Herre{\~n}o, Juan and Nakamura, Emi and Steinsson, J{\'o}n},
  journal={The Quarterly Journal of Economics},
  year={2021}
}
@article{Hebous2011,
  title={The effects of discretionary fiscal policy on macroeconomic aggregates: a reappraisal},
  author={Hebous, Shafik},
  journal={Journal of Economic Surveys},
  volume={25},
  number={4},
  pages={674--707},
  year={2011},
  publisher={Wiley Online Library}
}
@article{Holston2017,
  title={Measuring the natural rate of interest: International trends and determinants},
  author={Holston, Kathryn and Laubach, Thomas and Williams, John C},
  journal={Journal of International Economics},
  volume={108},
  pages={S59--S75},
  year={2017},
  publisher={Elsevier}
}
@article{Hondroyiannis2009,
  title={The new Keynesian Phillips curve in a time-varying coefficient environment: Some European evidence},
  author={Hondroyiannis, George and Swamy, PAVB and Tavlas, George S},
  journal={Macroeconomic Dynamics},
  volume={13},
  number={2},
  pages={149--166},
  year={2009},
  publisher={Cambridge University Press}
}
@techreport{Hooper2019,
  title={Prospects for Inflation in a High Pressure Economy: Is the Phillips Curve Dead or is It Just Hibernating?},
  author={Hooper, Peter and Mishkin, Frederic S and Sufi, Amir},
  year={2019},
  institution={National Bureau of Economic Research}
}
@article{Hope2016,
  title={Estimating the effect of the EMU on current account balances: A synthetic control approach},
  author={Hope, David},
  journal={European Journal of Political Economy},
  volume={44},
  pages={20--40},
  year={2016},
  publisher={Elsevier}
}
@book{Hossain2015,
  title={The Evolution of Central Banking and Monetary Policy in the Asia-Pacific},
  author={Hossain, Akhand Akhtar},
  year={2015},
  publisher={Edward Elgar Publishing}
}
@article{Hoynck2020,
  title={Production Networks and the Flattening of the Phillips Curve},
  author={H{\"o}ynck, Christian},
  year={2020},
  journal={Mimeo}
}
@book{Ilzetzki2011,
  title={Fiscal policy and debt dynamics in developing countries},
  author={Ilzetzki, Ethan},
  year={2011},
  publisher={The World Bank}
}
@article{Ilzetzki2013,
  title={How big (small?) are fiscal multipliers?},
  author={Ilzetzki, Ethan and Mendoza, Enrique G and V{\'e}gh, Carlos A},
  journal={Journal of monetary economics},
  volume={60},
  number={2},
  pages={239--254},
  year={2013},
  publisher={Elsevier}
}
@article{Ilzetzki2019,
  title={Exchange arrangements entering the twenty-first century: Which anchor will hold?},
  author={Ilzetzki, Ethan and Reinhart, Carmen M and Rogoff, Kenneth S},
  journal={The Quarterly Journal of Economics},
  volume={134},
  number={2},
  pages={599--646},
  year={2019},
  publisher={Oxford University Press}
}
@techreport{IMF2008,
  title={World Economic Outlook, October, Chapter 5, ``Fiscal Policy as a Countercyclical Tool”},
  author={IMF},
  year={2008}
}
@article{Istrefi2018,
  title={In Fed Watchers’ Eyes: Hawks, Doves and Monetary Policy},
  author={Istrefi, Klodiana},
  year={2018},
  publisher={Banque de France Working Paper No}
}
@article{Jahan2012,
  title={Inflation targeting: holding the line},
  author={Jahan, Sarwat},
  journal={Finance \& Development},
  year={2012}
}
@article{Jinushi2000,
  title={Monetary policy in {J}apan since the late 1980s: delayed policy actions and some explanations},
  author={Jinushi, Toshiki and Kuroki, Yoshihiro and Miyao, Ryuzo},
  journal={Japan’s financial crisis and its parallels to US experience},
  pages={115--48},
  year={2000},
  publisher={The Institute of International Economics, Washington}
}
@book{Jonung2009,
  title={The Euro--it Can't Happen, It's a Bad Idea, it Won't Last: US Economists on the EMU, 1989-2002},
  author={Jonung, Lars and Drea, Eoin and others},
  year={2009}
}
@article{Jorda2005,
  title={Estimation and inference of impulse responses by local projections},
  author={Jord{\`a}, {\`O}scar},
  journal={American Economic Review},
  volume={95},
  number={1},
  pages={161--182},
  year={2005}
}
@article{Jorda2013,
  title={When credit bites back},
  author={Jord{\`a}, {\`O}scar and Schularick, Moritz and Taylor, Alan M},
  journal={Journal of Money, Credit and Banking},
  volume={45},
  number={s2},
  pages={3--28},
  year={2013},
  publisher={Wiley Online Library}
}
@article{Jorda2017,
  title={Macrofinancial history and the new business cycle facts},
  author={Jord{\`a}, {\`O}scar and Schularick, Moritz and Taylor, Alan M},
  journal={NBER macroeconomics annual},
  volume={31},
  number={1},
  pages={213--263},
  year={2017},
  publisher={University of Chicago Press Chicago, IL}
}
@article{Jorda2018,
  title={Inflation globally},
  author={Jord{\`a}, {\`O}scar and Nechio, Fernanda},
  journal={Serie Banca Central, an{\'a}lisis y pol{\'\i}ticas econ{\'o}micas, no. 27},
  year={2020},
  publisher={Banco Central de Chile}
}
@article{Jorda2019,
  title={The effects of quasi-random monetary experiments},
  author={Jord{\`a}, {\`O}scar and Schularick, Moritz and Taylor, Alan M},
  journal={Journal of Monetary Economics},
  volume={112},
  pages={22--40},
  year={2020},
  publisher={Elsevier}
}
@article{Jorda2019FRBSF,
  title={Inflation: Stress-Testing the Phillips Curve},
  author={Jorda, Oscar and Marti, Chitra and Nechio, Fernanda and Tallman, Eric and others},
  journal={FRBSF Economic Letter},
  volume={5},
  number={11},
  year={2019},
  publisher={Federal Reserve Bank of San Francisco}
}
@article{Kahneman1972,
  title={Subjective probability: A judgment of representativeness},
  author={Kahneman, Daniel and Tversky, Amos},
  journal={Cognitive psychology},
  volume={3},
  number={3},
  pages={430--454},
  year={1972},
  publisher={Elsevier}
}
@article{Kaul2018,
  title={Synthetic control methods: Never use all pre-intervention outcomes together with covariates},
  author={Kaul, Ashok and Kl{\"o}{\ss}ner, Stefan and Pfeifer, Gregor and Schieler, Manuel},
  journal={Working Paper},
  year={2018}
}
@article{Kenen1969,
  title={The theory of optimum currency areas: an eclectic view},
  author={Kenen, Peter},
  journal={Monetary problems of the international economy},
  volume={45},
  number={3},
  pages={41--60},
  year={1969}
}
@article{King2006,
  title={The dangers of extreme counterfactuals},
  author={King, Gary and Zeng, Langche},
  journal={Political Analysis},
  volume={14},
  number={2},
  pages={131--159},
  year={2006},
  publisher={Cambridge University Press}
}
@article{Klein2018,
  title={The government spending multiplier at the zero lower bound: International evidence from historical data},
  author={Klein, Mathias and Winkler, Roland},
  year={2018},
  publisher={Kiel, Hamburg: ZBW-Leibniz-Informationszentrum Wirtschaft}
}
@article{Klenow2008,
  title={State-dependent or time-dependent pricing: Does it matter for recent US inflation?},
  author={Klenow, Peter J and Kryvtsov, Oleksiy},
  journal={The Quarterly Journal of Economics},
  volume={123},
  number={3},
  pages={863--904},
  year={2008},
  publisher={MIT Press}
}
@article{Knotek2007,
  title={How useful is Okun's law?},
  author={Knotek II, Edward S},
  journal={Economic Review-Federal Reserve Bank of Kansas City},
  volume={92},
  number={4},
  pages={73},
  year={2007},
  publisher={Federal Reserve Bank of Kansas City}
}
@article{Kremer2013,
  title={Inflation and growth: new evidence from a dynamic panel threshold analysis},
  author={Kremer, Stephanie and Bick, Alexander and Nautz, Dieter},
  journal={Empirical Economics},
  volume={44},
  number={2},
  pages={861--878},
  year={2013},
  publisher={Springer}
}
@book{Krogstrup2002,
  title={Should We Pay Attention to Indicators of Fiscal Impact on Demand?},
  author={Krogstrup, Signe and others},
  year={2002},
  publisher={Graduate Institute of International Studies}
}
@article{Krugman1998,
  title={The euro: Beware of what you wish for},
  author={Krugman, Paul},
  journal={Fortune, December},
  year={1998}
}
@inproceedings{Krugman2014,
  title={Inflation targets reconsidered},
  author={Krugman, Paul},
  booktitle={ECB Forum on Central Banking, Conference Proceedings},
  pages={110--122},
  year={2014}
}
@misc{Krugman2018s,
  title={It’s Baaack, Twenty Years Later},
  author={Krugman, Paul},
  year={2018}
}
@article{Kumar2016,
  title={A closer look at the Phillips curve using state-level data},
  author={Kumar, Anil and Orrenius, Pia M},
  journal={Journal of Macroeconomics},
  volume={47},
  pages={84--102},
  year={2016},
  publisher={Elsevier}
}
@article{Kuttner2010,
  title={Understanding the flattening Phillips curve},
  author={Kuttner, Ken and Robinson, Tim},
  journal={The North American Journal of Economics and Finance},
  volume={21},
  number={2},
  pages={110--125},
  year={2010},
  publisher={Elsevier}
}
@article{Lane2006,
  title={The real effects of European monetary union},
  author={Lane, Philip R},
  journal={Journal of Economic Perspectives},
  volume={20},
  number={4},
  pages={47--66},
  year={2006}
}
@techreport{Lane2019,
  title={The Phillips Curve at the {ECB}},
  author={Lane, Philip R},
  year={2019},
  institution={European Central Bank}
}
@article{Leduc2017,
  title={Has the Wage Phillips Curve Gone Dormant?},
  author={Leduc, Sylvain and Wilson, Daniel J and others},
  journal={FRBSF Economic Letter},
  volume={30},
  year={2017},
  publisher={Federal Reserve Bank of San Francisco}
}
@article{Lee2000,
  title={The robustness of Okun's law: Evidence from OECD countries},
  author={Lee, Jim},
  journal={Journal of Macroeconomics},
  volume={22},
  number={2},
  pages={331--356},
  year={2000},
  publisher={North-Holland}
}
@article{Levy2019,
  title={{The euro area Phillips curve: identification with regional data}},
  author={Levy, Antoine},
  year={2019},
  journal={Mimeo}
}
@book{Lijphart2012,
  title={Patterns of democracy: Government forms and performance in thirty-six countries},
  author={Lijphart, Arend},
  year={2012},
  publisher={Yale University Press}
}
@article{Linde2019,
  title={Resolving the missing deflation puzzle},
  author={Lind{\'e}, Jesper and Trabandt, Mathias},
  year={2019},
  publisher={CEPR Discussion Paper No. DP13690}
}
@article{Lopez2011,
  title={On the impact of inflation on output growth: Does the level of inflation matter?},
  author={L{\'o}pez-Villavicencio, Antonia and Mignon, Val{\'e}rie},
  journal={Journal of macroeconomics},
  volume={33},
  number={3},
  pages={455--464},
  year={2011},
  publisher={Elsevier}
}
@book{Maddison1982,
  title={Phases of capitalist development},
  author={Maddison, Angus},
  year={1982},
  publisher={Oxford University Press}
}
@techreport{Malmendier2017,
  title={The making of Hawks and Doves: Inflation experiences on the FOMC},
  author={Malmendier, Ulrike and Nagel, Stefan and Yan, Zhen},
  year={2017},
  institution={National Bureau of Economic Research}
}
@article{Mankiw2001,
  title={The inexorable and mysterious tradeoff between inflation and unemployment},
  author={Mankiw, N Gregory},
  journal={The Economic Journal},
  volume={111},
  number={471},
  pages={45--61},
  year={2001},
  publisher={Wiley Online Library}
}
@article{Maoz2019,
  title={The dyadic militarized interstate disputes (MIDs) dataset version 3.0: Logic, characteristics, and comparisons to alternative datasets},
  author={Maoz, Zeev and Johnson, Paul L and Kaplan, Jasper and Ogunkoya, Fiona and Shreve, Aaron P},
  journal={Journal of Conflict Resolution},
  volume={63},
  number={3},
  pages={811--835},
  year={2019},
  publisher={SAGE Publications Sage CA: Los Angeles, CA}
}
@article{Mavroeidis2014,
  title={Empirical evidence on inflation expectations in the New Keynesian Phillips Curve},
  author={Mavroeidis, Sophocles and Plagborg-M{\o}ller, Mikkel and Stock, James H},
  journal={Journal of Economic Literature},
  volume={52},
  number={1},
  pages={124--88},
  year={2014}
}
@article{Mccallum1976,
  title={Rational expectations and the natural rate hypothesis: some consistent estimates},
  author={McCallum, Bennett T},
  journal={Econometrica: Journal of the Econometric Society},
  pages={43--52},
  year={1976},
  publisher={JSTOR}
}
@article{McKinnon1963,
  title={Optimum currency areas},
  author={McKinnon, Ronald I},
  journal={The American Economic Review},
  volume={53},
  number={4},
  pages={717--725},
  year={1963},
  publisher={JSTOR}
}
@article{Mcleay2019,
  title={Optimal inflation and the identification of the Phillips curve},
  author={McLeay, Michael and Tenreyro, Silvana},
  journal={NBER Macroeconomics Annual},
  volume={34},
  number={1},
  pages={199--255},
  year={2020},
  publisher={The University of Chicago Press Chicago, IL}
}
@article{Mellace2019,
  title={Identify More, Observe Less: Mediation Analysis Synthetic Control},
  author={Mellace, Giovanni and Pasquini, Alessandra},
  year={2019},
  publisher={CEIS Working Paper}
}
@article{Micco2003,
  title={The currency union effect on trade: early evidence from EMU},
  author={Micco, Alejandro and Stein, Ernesto and Ordo{\~n}ez, Guillermo},
  journal={Economic Policy},
  volume={18},
  number={37},
  pages={315--356},
  year={2003},
  publisher={Oxford University Press}
}
@article{Miles2017,
  title={And Yet It Moves: Inflation and the Great Recession. Geneva Reports on the World Economy, no. 19},
  author={Miles, David and Panizza, Ugo and Reis, Ricardo and Ubide, {\'A}ngel},
  journal={International Center for Monetary and Banking Studies (ICMB) and Center for Economic Policy Research (CEPR)},
  year={2017}
}
@article{Mineshima2014,
  title={Size of fiscal multipliers},
  author={Mineshima, Aiko and Poplawski-Ribeiro, Marcos and Weber, Anke},
  journal={Post-Crisis Fiscal Policy},
  pages={315--372},
  year={2014},
  publisher={MIT Press Cambridge}
}
@article{Mitchener2015,
  title={Was the classical gold standard credible on the periphery? Evidence from currency risk},
  author={Mitchener, Kris James and Weidenmier, Marc D},
  journal={The Journal of Economic History},
  volume={75},
  number={2},
  pages={479--511},
  year={2015},
  publisher={Cambridge University Press}
}
@book{Mitchell2013,
  title={International historical statistics, 1750-2010},
  author={Mitchell, Brian},
  year={2013},
  publisher={Palgrave/Macmillan}
}
@book{Mishkin2001,
  title={From monetary targeting to inflation targeting: lessons from industrialized countries},
  author={Mishkin, Frederic S},
  year={2001},
  publisher={The World Bank}
}
@article{Miyamoto2018,
  title={Government spending multipliers under the zero lower bound: Evidence from Japan},
  author={Miyamoto, Wataru and Nguyen, Thuy Lan and Sergeyev, Dmitriy},
  journal={American Economic Journal: Macroeconomics},
  volume={10},
  number={3},
  pages={247--77},
  year={2018}
}
@article{Miyamoto2019,
  title={The effects of government spending on real exchange rates: evidence from military spending panel data},
  author={Miyamoto, Wataru and Nguyen, Thuy Lan and Sheremirov, Viacheslav},
  journal={Journal of International Economics},
  volume={116},
  pages={144--157},
  year={2019},
  publisher={Elsevier}
}
@article{Montag2022,
  title={Price-Setting During the Covid Era},
  author={Montag, Hugh and Villar, Daniel},
  year={2022},
  journal={Mimeo}
}
@article{Mountford2009,
  title={What are the effects of fiscal policy shocks?},
  author={Mountford, Andrew and Uhlig, Harald},
  journal={Journal of Applied Econometrics},
  volume={24},
  number={6},
  pages={960--992},
  year={2009},
  publisher={Wiley Online Library}
}
@article{Mundell1961,
  title={A theory of optimum currency areas},
  author={Mundell, Robert A},
  journal={The American Economic Review},
  volume={51},
  number={4},
  pages={657--665},
  year={1961},
  publisher={JSTOR}
}
@article{Mundell1997,
  title={Currency areas, common currencies, and EMU},
  author={Mundell, Robert A},
  journal={The American Economic Review},
  volume={87},
  number={2},
  pages={214--216},
  year={1997},
  publisher={JSTOR}
}
@article{Nakamura2008,
  title={Five facts about prices: A reevaluation of menu cost models},
  author={Nakamura, Emi and Steinsson, J{\'o}n},
  journal={The Quarterly Journal of Economics},
  volume={123},
  number={4},
  pages={1415--1464},
  year={2008},
  publisher={MIT Press}
}
@article{Nakamura2014,
  title={Fiscal stimulus in a monetary union: Evidence from US regions},
  author={Nakamura, Emi and Steinsson, Jon},
  journal={American Economic Review},
  volume={104},
  number={3},
  pages={753--92},
  year={2014}
}
@article{Nakamura2018,
  title={The elusive costs of inflation: Price dispersion during the US great inflation},
  author={Nakamura, Emi and Steinsson, J{\'o}n and Sun, Patrick and Villar, Daniel},
  journal={The Quarterly Journal of Economics},
  volume={133},
  number={4},
  pages={1933--1980},
  year={2018},
  publisher={Oxford University Press}
}
@article{Nechio2011,
  title={Monetary policy when one size does not fit all},
  author={Nechio, Fernanda},
  journal={FRBSF Economic Letter},
  volume={18},
  pages={13},
  year={2011},
  publisher={Federal Reserve Bank of San Francisco}
}

@article{Nickel2014,
  title={Fiscal stimulus in times of high debt: reconsidering multipliers and twin deficits},
  author={Nickel, Christiane and Tudyka, Andreas},
  journal={Journal of Money, Credit and Banking},
  volume={46},
  number={7},
  pages={1313--1344},
  year={2014},
  publisher={Wiley Online Library}
}
@inproceedings{Okun1962,
  title={M. 1962,“Potential Gnp: Its Measurement and Significance”},
  author={Okun, Arthur},
  booktitle={Proceedings of the Business and Economic Statistics Section of the American Statistical Association},
  pages={89--104},
  year={1962}
}
@article{Olea2013,
  title={A robust test for weak instruments},
  author={Olea, Jos{\'e} Luis Montiel and Pflueger, Carolin},
  journal={Journal of Business \& Economic Statistics},
  volume={31},
  number={3},
  pages={358--369},
  year={2013},
  publisher={Taylor \& Francis Group}
}
@article{Omahony2009,
  title={Output, input and productivity measures at the industry level: the EU KLEMS database},
  author={O’Mahony, Mary and Timmer, Marcel P},
  journal={The economic journal},
  volume={119},
  number={538},
  pages={F374--F403},
  year={2009},
  publisher={Oxford University Press Oxford, UK}
}
@techreport{Onorante2019,
  title={Phillips curves in the euro area},
  author={Onorante, Luca and Saber, Shayan Zakipour and Moretti, Laura},
  year={2019},
  institution={European Central Bank}
}
@article{Pappa2009,
  title={The effects of fiscal shocks on employment and the real wage},
  author={Pappa, Evi},
  journal={International Economic Review},
  volume={50},
  number={1},
  pages={217--244},
  year={2009},
  publisher={Wiley Online Library}
}
@article{Perotti2005,
  title={Estimating the effects of fiscal policy in OECD countries},
  author={Perotti, Roberto},
  year={2005}
}
@article{Perotti2007,
  title={In Search of the Transmission Mechanism of Fiscal Policy [with Comments and Discussion]},
  author={Perotti, Roberto and Reis, Ricardo and Ramey, Valerie},
  journal={NBER macroeconomics Annual},
  volume={22},
  pages={169--249},
  year={2007},
  publisher={University of Chicago Press}
}
@article{Pettersson2015,
  title={Armed conflicts, 1946--2014},
  author={Pettersson, Ther{\'e}se and Wallensteen, Peter},
  journal={Journal of peace research},
  volume={52},
  number={4},
  pages={536--550},
  year={2015},
  publisher={SAGE Publications Sage UK: London, England}
}
@article{Pflueger2015,
  title={A robust test for weak instruments in Stata},
  author={Pflueger, Carolin E and Wang, Su},
  journal={The Stata Journal},
  volume={15},
  number={1},
  pages={216--225},
  year={2015},
  publisher={SAGE Publications Sage CA: Los Angeles, CA}
}
@article{Phelps1967,
  title={Phillips curves, expectations of inflation and optimal unemployment over time},
  author={Phelps, Edmund S},
  journal={Economica},
  pages={254--281},
  year={1967},
  publisher={JSTOR}
}
@article{Phelps1968,
  title={Money-wage dynamics and labor-market equilibrium},
  author={Phelps, Edmund S},
  journal={Journal of Political Economy},
  volume={76},
  number={4, Part 2},
  pages={678--711},
  year={1968},
  publisher={The University of Chicago Press}
}
@article{Phillips1958,
  title={The Relation Between Unemployment and the Rate of Change of Money Wage Rates in the United Kingdom, 1861--1957 1},
  author={Phillips, Alban W},
  journal={Economica},
  volume={25},
  number={100},
  pages={283--299},
  year={1958},
  publisher={Wiley Online Library}
}
@article{Plagborg2019,
  title={Local projections and VARs estimate the same impulse responses},
  author={Plagborg-M{\o}ller, Mikkel and Wolf, Christian K},
  journal={Unpublished paper: Department of Economics, Princeton University},
  year={2019}
}
@inproceedings{Powell2019,
  title={Challenges for Monetary Policy},
  author={Powell, Jerome H},
  booktitle={Remarks by Jerome H. Powell at the "Challenges for Monetary Policy" symposium sponsored by the Federal Reserve Bank of Kansas City, Jackson Hole, Wyoming},
  year={2019}
}
@inproceedings{Waller2023,
  title={The Unstable Phillips Curve},
  author={Waller, Christopher},
  booktitle={Remarks by Christopher Waller at the Macroeconomics and Monetary Policy, a conference sponsored by the Federal Reserve Bank of San Francisco, San Francisco, California},
  year={2023}
}
@techreport{Powell2020,
  title={New Economic Challenges and the Fed's Monetary Policy Review},
  author={Powell, Jerome H},
  booktitle={Remarks by Jerome H. Powell at the "Navigating the Decade Ahead: Implications for Monetary Policy" symposium sponsored by the Federal Reserve Bank of Kansas City, Jackson Hole, Wyoming},
  year={2020}
}
@article{Prachowny1993,
  title={Okun's law: theoretical foundations and revised estimates},
  author={Prachowny, Martin FJ},
  journal={The Review of Economics and Statistics},
  pages={331--336},
  year={1993},
  publisher={JSTOR}
}
@article{Primiceri2005,
  title={Time varying structural vector autoregressions and monetary policy},
  author={Primiceri, Giorgio E},
  journal={The Review of Economic Studies},
  volume={72},
  number={3},
  pages={821--852},
  year={2005},
  publisher={Wiley-Blackwell}
}
@article{Puzzello2018,
  title={Winners and losers from the Euro},
  author={Puzzello, Laura and Gomis-Porqueras, Pedro},
  journal={European Economic Review},
  volume={108},
  pages={129--152},
  year={2018},
  publisher={Elsevier}
}
@article{Quinn2011,
  title={Assessing measures of financial openness and integration},
  author={Quinn, Dennis and Schindler, Martin and Toyoda, A Maria},
  journal={IMF Economic Review},
  volume={59},
  number={3},
  pages={488--522},
  year={2011},
  publisher={Springer}
}
@article{Rajan1998,
  title={Financial development and growth},
  author={Rajan, Raghuram and Zingales, Luigi},
  journal={American Economic Review},
  volume={88},
  number={3},
  pages={559--586},
  year={1998}
}
@inproceedings{Ramey1998,
  title={Costly capital reallocation and the effects of government spending},
  author={Ramey, Valerie A and Shapiro, Matthew D},
  booktitle={Carnegie-Rochester Conference Series on Public Policy},
  volume={48},
  pages={145--194},
  year={1998},
  organization={Elsevier}
}
@article{Ramey2011,
  title={Identifying government spending shocks: It's all in the timing},
  author={Ramey, Valerie A},
  journal={The Quarterly Journal of Economics},
  volume={126},
  number={1},
  pages={1--50},
  year={2011},
  publisher={MIT Press}
}
@incollection{Ramey2016,
  title={Macroeconomic shocks and their propagation},
  author={Ramey, Valerie A},
  booktitle={Handbook of Macroeconomics},
  volume={2},
  pages={71--162},
  year={2016},
  publisher={Elsevier}
}
@article{Ramey2018,
  title={Government spending multipliers in good times and in bad: evidence from {US} historical data},
  author={Ramey, Valerie A and Zubairy, Sarah},
  journal={Journal of Political Economy},
  volume={126},
  number={2},
  pages={850--901},
  year={2018},
  publisher={University of Chicago Press Chicago, IL}
}
@article{Rasmussen2018,
  title={Working-Class strength by institutional design? {U}nionization, partisan politics, and unemployment insurance systems, 1870 to 2010},
  author={Rasmussen, Magnus Bergli and Pontusson, Jonas},
  journal={Comparative Political Studies},
  volume={51},
  number={6},
  pages={793--828},
  year={2018},
  publisher={SAGE Publications Sage CA: Los Angeles, CA}
}
@book{Reinhart2009,
  title={This time is different: Eight centuries of financial folly},
  author={Reinhart, Carmen M and Rogoff, Kenneth S},
  year={2009},
  publisher={Princeton University Press}
}
@article{Roberts1995,
  title={New Keynesian economics and the Phillips curve},
  author={Roberts, John M},
  journal={Journal of Money, Credit and Banking},
  volume={27},
  number={4},
  pages={975--984},
  year={1995},
  publisher={JSTOR}
}
@article{Roberts1997,
  title={The wage curve and the Phillips curve},
  author={Roberts, John M},
  journal={Federal Reserve Board FEDS Paper},
  number={97-57},
  year={1997}
}
@article{Roger2010,
  title={Inflation targeting turns 20},
  author={Roger, Scott},
  journal={Finance and Development},
  volume={47},
  number={1},
  pages={46--49},
  year={2010},
  publisher={International Monetary Fund}
}
@article{Romer1990,
  title={Staggered price setting with endogenous frequency of adjustment},
  author={Romer, David},
  journal={Economics Letters},
  volume={32},
  number={3},
  pages={205--210},
  year={1990},
  publisher={Elsevier}
}
@article{Rose2000,
  title={One money, one market: the effect of common currencies on trade},
  author={Rose, Andrew K},
  journal={Economic Policy},
  volume={15},
  number={30},
  pages={08--45},
  year={2000},
  publisher={Oxford University Press Oxford, UK}
}
@article{Rotemberg1992,
  title={Oligopolistic pricing and the effects of aggregate demand on economic activity},
  author={Rotemberg, Julio J and Woodford, Michael},
  journal={Journal of political Economy},
  volume={100},
  number={6},
  pages={1153--1207},
  year={1992},
  publisher={The University of Chicago Press}
}
@article{Samuelson1960,
  title={Analytical aspects of anti-inflation policy},
  author={Samuelson, Paul A and Solow, Robert M},
  journal={American Economic Review},
  volume={50},
  number={2},
  pages={177--194},
  year={1960},
  publisher={JSTOR}
}
@article{Sims2018,
  title={The output and welfare effects of government spending shocks over the business cycle},
  author={Sims, Eric and Wolff, Jonathan},
  journal={International Economic Review},
  volume={59},
  number={3},
  pages={1403--1435},
  year={2018},
  publisher={Wiley Online Library}
}
@article{Schleer2014,
  title={The Phillips Curve:(In) stability, the role of credit, and implications for potential output measurement},
  author={Schleer, Frauke and Kappler, Marcus},
  journal={ZEW-Centre for European Economic Research Discussion Paper},
  number={14-067},
  year={2014}
}
@incollection{Schmitt2010,
  title={The optimal rate of inflation},
  author={Schmitt-Groh{\'e}, Stephanie and Uribe, Martin},
  booktitle={Handbook of monetary economics},
  volume={3},
  pages={653--722},
  year={2010},
  publisher={Elsevier}
}
@article{Schmitz2011,
  title={Current account imbalances and financial integration in the euro area},
  author={Schmitz, Birgit and Von Hagen, J{\"u}rgen},
  journal={Journal of International Money and Finance},
  volume={30},
  number={8},
  pages={1676--1695},
  year={2011},
  publisher={Elsevier}
}
@article{Schaffer2015xtivreg2,
  title={xtivreg2: Stata module to perform extended IV/2SLS, GMM and AC/HAC, LIML and k-class regression for panel data models},
  author={Schaffer, Mark},
  year={2015},
  publisher={Boston College Department of Economics}
}
@article{Schularick2012,
  title={Credit booms gone bust: Monetary policy, leverage cycles, and financial crises, 1870-2008},
  author={Schularick, Moritz and Taylor, Alan M},
  journal={American Economic Review},
  volume={102},
  number={2},
  pages={1029--61},
  year={2012}
}
@article{Schularick2020,
  title={Leaning against the wind and crisis risk},
  author={Schularick, Moritz and Ter Steege, Lucas and Ward, Felix},
  journal={American Economic Review: Insights},
  volume={3},
  number={2},
  pages={199--214},
  year={2021}
}
@article{Shen2018,
  title={Downward nominal wage rigidity and state-dependent government spending multipliers},
  author={Shen, Wenyi and Yang, Shu-Chun S},
  journal={Journal of Monetary Economics},
  volume={98},
  pages={11--26},
  year={2018},
  publisher={Elsevier}
}
@techreport{Shizume2018,
  title={Historical Evolution of Monetary Policy (Goals and Instruments) in Japan: From the Central Bank of an Emerging Economy to the Central Bank of a Mature Economy},
  author={Shizume, Masato},
  year={2018},
  institution={WINPEC Working Paper Series}
}
@article{Smets2007,
  title={Shocks and frictions in US business cycles: A Bayesian DSGE approach},
  author={Smets, Frank and Wouters, Rafael},
  journal={American economic review},
  volume={97},
  number={3},
  pages={586--606},
  year={2007}
}
@book{Spilimbergo2009,
  title={Fiscal Multipliers},
  author={Spilimbergo, Mr Antonio and Schindler, Mr Martin and Symansky, Mr Steven A},
  number={2009-2011},
  year={2009},
  publisher={International Monetary Fund}
}
@article{Stock2003,
  title={Forecasting output and inflation: The role of asset prices},
  author={Stock, James H and W Watson, Mark},
  journal={Journal of Economic Literature},
  volume={41},
  number={3},
  pages={788--829},
  year={2003}
}
@article{Stock2018,
  title={Identification and estimation of dynamic causal effects in macroeconomics using external instruments},
  author={Stock, James H and Watson, Mark W},
  journal={The Economic Journal},
  volume={128},
  number={610},
  pages={917--948},
  year={2018},
  publisher={Oxford University Press Oxford, UK}
}
@incollection{Svensson2010,
  title={Inflation targeting},
  author={Svensson, Lars EO},
  booktitle={Handbook of Monetary Economics},
  volume={3},
  pages={1237--1302},
  year={2010},
  publisher={Elsevier}
}
@article{Tenreyro2016,
  title={Pushing on a string: US monetary policy is less powerful in recessions},
  author={Tenreyro, Silvana and Thwaites, Gregory},
  journal={American Economic Journal: Macroeconomics},
  volume={8},
  number={4},
  pages={43--74},
  year={2016}
}
@article{Uhlig2010,
  title={Some fiscal calculus},
  author={Uhlig, Harald},
  journal={American Economic Review},
  volume={100},
  number={2},
  pages={30--34},
  year={2010}
}
@article{Vavra2014,
  title={Inflation dynamics and time-varying volatility: New evidence and an ss interpretation},
  author={Vavra, Joseph},
  journal={The Quarterly Journal of Economics},
  volume={129},
  number={1},
  pages={215--258},
  year={2014},
  publisher={MIT Press}
}
@techreport{Vavra2014B,
  title={Time-varying Phillips curves},
  author={Vavra, Joseph S},
  year={2014},
  institution={National Bureau of Economic Research}
}
@article{Verstegen2017,
  title={Benefits of EMU participation: estimates using the synthetic control method},
  author={Verstegen, Loes and van Groezen, Bas and Meijdam, AC},
  journal={Working Paper},
  year={2017}
}
@techreport{vonHagen1995,
  title={Inflation and monetary targeting in Germany},
  author={Von Hagen, J{\"u}rgen and others},
  year={1995}
}
@article{vonHagen1999,
  title={Money growth targeting by the {B}undesbank},
  author={Von Hagen, J{\"u}rgen},
  journal={Journal of Monetary Economics},
  volume={43},
  number={3},
  pages={681--701},
  year={1999},
  publisher={Elsevier}
}
@book{Ungerer1997,
  title={A concise history of European monetary integration: from EPU to EMU},
  author={Ungerer, Horst},
  year={1997},
  publisher={Greenwood Publishing Group}
}
@book{Tabin2013,
  title={L’assurance ch{\^o}mage en Suisse. Une sociohistoire (1924-1982)},
  author={Tabin, Jean-Pierre and Togni, Carola},
  year={2013},
  publisher={Antipodes ({\'E}ditions)}
}
@article{Tobin1972,
  title={Inflation and unemployment},
  author={Tobin, James},
  journal={American Economic Review},
  number={1},
  year={1972}
}
@incollection{Walsh1995,
  title={Central bank independence and the short-run output-inflation trade-off in the European Community},
  author={Walsh, Carl E},
  booktitle={Monetary and fiscal policy in an integrated Europe},
  pages={12--37},
  year={1995},
  publisher={Springer}
}
@article{Williams2009,
  title={Heeding Daedalus: Optimal inflation and the zero lower bound},
  author={Williams, John C},
  journal={Brookings Papers on Economic Activity},
  volume={2009},
  number={2},
  pages={1--37},
  year={2009},
  publisher={Brookings Institution Press}
}
@article{Williams2016,
  title={Monetary policy in a low R-star world},
  author={Williams, John C and others},
  journal={FRBSF Economic Letter},
  volume={23},
  pages={1--23},
  year={2016}
}
@article{Wyplosz2006,
  title={European Monetary Union: the dark sides of a major success},
  author={Wyplosz, Charles},
  journal={Economic Policy},
  volume={21},
  number={46},
  pages={208--261},
  year={2006},
  publisher={Oxford University Press}
}
@article{Zimmermann2019,
  title={Monetary Policy and Bank Profitability, 1870--2015},
  author={Zimmermann, Kaspar},
  year={2019}
}